<record xmlns="http://www.loc.gov/MARC21/slim" xmlns:xsi="http://www.w3.org/2001/XMLSchema-instance" xsi:schemaLocation="http://www.loc.gov/MARC21/slim http://www.loc.gov/standards/marcxml/schema/MARC21slim.xsd"><leader>02883nam a2200469   4500</leader><controlfield tag="001">3072223</controlfield><controlfield tag="003">NNC</controlfield><controlfield tag="006">m        d        </controlfield><controlfield tag="007">cr cn |||m|||a</controlfield><controlfield tag="008">150110s1958    iq ac   o     000 0 arard</controlfield><datafield ind1=" " ind2=" " tag="040"><subfield code="a">NNU</subfield><subfield code="b">eng</subfield><subfield code="e">rda</subfield><subfield code="c">NNU</subfield></datafield><datafield ind1=" " ind2=" " tag="043"><subfield code="a">a-iq---</subfield></datafield><datafield ind1=" " ind2="4" tag="050"><subfield code="a">QB23</subfield><subfield code="b">.A8</subfield></datafield><datafield ind1="1" ind2=" " tag="100"><subfield code="6">880-01</subfield><subfield code="a">&#699;Azza&#772;wi&#772;, &#699;Abba&#772;s.</subfield></datafield><datafield ind1="1" ind2="0" tag="245"><subfield code="6">880-02</subfield><subfield code="a">Ta&#772;ri&#772;kh &#699;ilm al-falak fi&#772; al-&#699;Ira&#772;q wa-&#699;ala&#772;qa&#772;tihi bi-al-aqt&#803;a&#772;r al-isla&#772;mi&#772;yah wa-al-&#699;Arabi&#772;yah fi&#772; al-&#699;uhu&#772;d al-ta&#772;liyah li-ayya&#772;m al-&#699;Abba&#772;si&#772;yi&#772;n /</subfield><subfield code="c">ta&#700;li&#772;f &#699;Abba&#772;s al-&#699;Azza&#772;wi&#772;.</subfield></datafield><datafield ind1=" " ind2=" " tag="260"><subfield code="6">880-03</subfield><subfield code="a">[Bagdad] :</subfield><subfield code="b">Mat&#803;ba&#699;at al-Majma&#699; al-&#699;Ilmi&#772; al-&#699;Ira&#772;qi&#772;,</subfield><subfield code="c">1958.</subfield></datafield><datafield ind1=" " ind2=" " tag="300"><subfield code="a">online resource (427 pages) :</subfield><subfield code="b">illustrations, portrait</subfield></datafield><datafield ind1=" " ind2=" " tag="336"><subfield code="a">text</subfield><subfield code="2">rdacontent</subfield></datafield><datafield ind1=" " ind2=" " tag="337"><subfield code="a">computer</subfield><subfield code="2">rdamedia</subfield></datafield><datafield ind1=" " ind2=" " tag="338"><subfield code="a">online resource</subfield><subfield code="2">rdacarrier</subfield></datafield><datafield ind1="1" ind2=" " tag="490"><subfield code="6">880-04</subfield><subfield code="a">Mat&#803;bu&#772;&#699;a&#772;t al-Majma&#699; al-&#699;ilmi&#772; al-&#699;Ira&#772;qi&#772;</subfield></datafield><datafield ind1=" " ind2=" " tag="500"><subfield code="a">Part of the Arabic Collections Online (ACO) project, contributed by Columbia University Libraries.</subfield></datafield><datafield ind1=" " ind2=" " tag="533"><subfield code="a">Electronic reproduction.</subfield><subfield code="b">New York, N.Y. :</subfield><subfield code="c">New York University,</subfield><subfield code="d">2015.</subfield><subfield code="5">NNU</subfield></datafield><datafield ind1=" " ind2="0" tag="650"><subfield code="a">Astronomy, Arab</subfield><subfield code="z">Iraq.</subfield></datafield><datafield ind1=" " ind2="0" tag="650"><subfield code="a">Astronomers</subfield><subfield code="z">Iraq</subfield><subfield code="x">History.</subfield></datafield><datafield ind1=" " ind2="7" tag="650"><subfield code="a">Astronomers.</subfield><subfield code="2">fast</subfield><subfield code="0">(OCoLC)fst00819629</subfield></datafield><datafield ind1=" " ind2="7" tag="650"><subfield code="a">Astronomy, Arab.</subfield><subfield code="2">fast</subfield><subfield code="0">(OCoLC)fst00819764</subfield></datafield><datafield ind1=" " ind2="7" tag="651"><subfield code="a">Iraq.</subfield><subfield code="2">fast</subfield><subfield code="0">(OCoLC)fst01205757</subfield></datafield><datafield ind1=" " ind2="7" tag="655"><subfield code="a">History.</subfield><subfield code="2">fast</subfield><subfield code="0">(OCoLC)fst01411628</subfield></datafield><datafield ind1="2" ind2=" " tag="710"><subfield code="a">Columbia University.</subfield><subfield code="b">Libraries.</subfield></datafield><datafield ind1="0" ind2=" " tag="730"><subfield code="a">Arabic Collections Online.</subfield></datafield><datafield ind1="0" ind2="8" tag="776"><subfield code="i">Online version:</subfield><subfield code="a">&#699;Azza&#772;wi&#772;, &#699;Abba&#772;s.</subfield><subfield code="t">Ta&#772;ri&#772;kh &#699;ilm al-falak fi&#772; al-&#699;Ira&#772;q wa-&#699;ala&#772;qa&#772;tihi bi-al-aqt&#803;a&#772;r al-isla&#772;mi&#772;yah wa-al-&#699;Arabi&#772;yah fi&#772; al-&#699;uhu&#772;d al-ta&#772;liyah li-ayya&#772;m al-&#699;Abba&#772;si&#772;yi&#772;n.</subfield><subfield code="d">[Bagdad] : Mat&#803;ba&#699;at al-Majma&#699; al-&#699;Ilmi&#772; al-&#699;Ira&#772;qi&#772;, 1958</subfield><subfield code="w">(OCoLC)652216595</subfield></datafield><datafield ind1="0" ind2="8" tag="776"><subfield code="i">Print version:</subfield><subfield code="a">&#699;Azza&#772;wi&#772;, &#699;Abba&#772;s.</subfield><subfield code="t">Ta&#772;ri&#772;kh &#699;ilm al-falak fi&#772; al-&#699;Ira&#772;q wa-&#699;ala&#772;qa&#772;tihi bi-al-aqt&#803;a&#772;r al-isla&#772;mi&#772;yah wa-al-&#699;Arabi&#772;yah fi&#772; al-&#699;uhu&#772;d al-ta&#772;liyah li-ayya&#772;m al-&#699;Abba&#772;si&#772;yi&#772;n</subfield><subfield code="w">(NNC)3072223</subfield><subfield code="w">(OCoLC)30940784</subfield></datafield><datafield ind1=" " ind2="0" tag="830"><subfield code="6">880-05</subfield><subfield code="a">Mat&#803;bu&#772;&#699;a&#772;t al-Majma&#699; al-&#699;Ilmi&#772; al-&#699;Ira&#772;qi&#772;.</subfield></datafield><datafield ind1="4" ind2="0" tag="856"><subfield code="u">http://hdl.handle.net/2333.1/rjdfn4w8</subfield></datafield><datafield ind1="1" ind2=" " tag="880"><subfield code="6">100-01/r</subfield><subfield code="a">&#1593;&#1586;&#1575;&#1608;&#1609;&#1548; &#1593;&#1576;&#1575;&#1587;.</subfield></datafield><datafield ind1="1" ind2="0" tag="880"><subfield code="6">245-02/r</subfield><subfield code="a">&#1578;&#1575;&#1585;&#1610;&#1582; &#1593;&#1604;&#1605; &#1575;&#1604;&#1601;&#1604;&#1603; &#1601;&#1610; &#1575;&#1604;&#1593;&#1585;&#1575;&#1602; &#1608;&#1593;&#1604;&#1575;&#1602;&#1575;&#1578;&#1607; &#1576;&#1575;&#1604;&#1575;&#1602;&#1591;&#1575;&#1585; &#1575;&#1604;&#1575;&#1587;&#1604;&#1575;&#1605;&#1610;&#1577; &#1608;&#1575;&#1604;&#1593;&#1585;&#1576;&#1610;&#1577; &#1601;&#1610; &#1575;&#1604;&#1593;&#1607;&#1608;&#1583; &#1575;&#1604;&#1578;&#1575;&#1604;&#1610;&#1577; &#1604;&#1575;&#1610;&#1575;&#1605; &#1575;&#1604;&#1593;&#1576;&#1575;&#1587;&#1610;&#1610;&#1606; /</subfield><subfield code="c">&#1578;&#1571;&#1604;&#1610;&#1601; &#1593;&#1576;&#1575;&#1587; &#1575;&#1604;&#1593;&#1586;&#1575;&#1608;&#1610;.</subfield></datafield><datafield ind1=" " ind2=" " tag="880"><subfield code="6">260-03/r</subfield><subfield code="a">[&#1576;&#1594;&#1583;&#1575;&#1583;] :</subfield><subfield code="b">&#1605;&#1591;&#1576;&#1593;&#1577; &#1575;&#1604;&#1605;&#1580;&#1605;&#1593; &#1575;&#1604;&#1593;&#1604;&#1605;&#1610; &#1575;&#1604;&#1593;&#1585;&#1575;&#1602;&#1610;&#1548;</subfield><subfield code="c">1958.</subfield></datafield><datafield ind1="1" ind2=" " tag="880"><subfield code="6">490-04/r</subfield><subfield code="a">&#1605;&#1591;&#1576;&#1608;&#1593;&#1575;&#1578; &#1575;&#1604;&#1605;&#1580;&#1605;&#1593; &#1575;&#1604;&#1593;&#1604;&#1605;&#1610; &#1575;&#1604;&#1593;&#1585;&#1575;&#1602;&#1610;</subfield></datafield><datafield ind1=" " ind2="0" tag="880"><subfield code="6">830-05/r</subfield><subfield code="a">&#1605;&#1591;&#1576;&#1608;&#1593;&#1575;&#1578; &#1575;&#1604;&#1605;&#1580;&#1605;&#1593; &#1575;&#1604;&#1593;&#1604;&#1605;&#1610; &#1575;&#1604;&#1593;&#1585;&#1575;&#1602;&#1610;.</subfield></datafield><datafield ind1=" " ind2=" " tag="959"><subfield code="a">NNU</subfield><subfield code="b">WEB</subfield><subfield code="c">GENI</subfield><subfield code="t">0</subfield><subfield code="m">Electronic access</subfield><subfield code="s">01</subfield></datafield><datafield ind1=" " ind2=" " tag="999"><subfield code="i">NNC_3072223</subfield><subfield code="o">(OCoLC)30940784</subfield></datafield></record>